    @BOOK{Ist,
        	author =       "Paul Ammann and Jeff Offutt",
        	title =        {\it Introduction to Software Testing},
        	publisher =    "Cambridge University Press",
        	year =         "2008",
        	isbn =         "978-0-511-39330-3",
        }
        
    @BOOK{Gst,
    	author =       "Anne Mette Jonassen Hass",
    	title =        {\it Guide to Advanced Software Testing},
    	publisher =    "Artech House",
    	year =         "2008",
    	isbn =         "978-1-59693-285-2",
    }
    
    @BOOK{Ast,
    	author =       "Glenford J. Myers and Tom Badgett and Corey Sandler",
    	title =        {\it The Art of Software Testing},
    	edition =      {\it 3},
    	publisher =    "John Wiley",
    	year =         "2011",
    	isbn =         "978-1-118-03196-4",
    }
    
    @BOOK{Sttc,
    	author = {Unmesh, Gundecha},
    	title = { \it Selenium Testing Tools Cookbook},
    	year = {2012},
    	isbn = {1849515743, 9781849515740},
    	publisher = {Packt Publishing},
    } 
    
    @BOOK{Dsaj,
    	author = {Michael T. Goodrich and Roberto Tamassia},
    	title = { \it Data Structures and Algorithms in Java},
    	year = {2005},
    	isbn = {0471738840, 9780471738848},
    	edition = {4th},
    	publisher = {Wiley Publishing},
    } 

    
    @ARTICLE{Tgp,
    	author = {Ruilian Zhao and Zheng Li and Qian Wang},
    	title = {\it Test Generation for Programs with Binary Tree     Structure as Input},
    	journal = {International Journal of Software Engineering and Knowledge Engineering},
    	volume = {25},
    	number = {07},
    	pages = {1129-1151},
    	year = {2015},
    	URL = { https://doi.org/10.1142/S0218194015500205}
	}

	@inproceedings{Dig,
		author = {Michael Emmi and Rupak Majumdar and Koushik Sen},
		title = {\it Dynamic Test Input Generation for Database Applications},
		booktitle = {Proceedings of the 2007 International Symposium on Software Testing and Analysis},
		series = {ISSTA '07},
		year = {2007},
		isbn = {978-1-59593-734-6},
		location = {London, United Kingdom},
		pages = {151--162},
		numpages = {12},
		url = {http://doi.acm.org/10.1145/1273463.1273484},
		publisher = {ACM},
		address = {New York, NY, USA},
	}

    @MISC{Testos,
    	author =       "Testos",
    	title =        "{\it Domovská stránka projektu Testos}",
        howpublished = "FIT VUT v Brne",
        year =         "2018",    	
    	url =          "http://testos.org",
    	note =         "[Online; navštívené 30.12.2018]",
    }
    
    @MISC{XMLdef,
    	author =       "Margaret Rouse",
    	title =        "{\it XML (Extensible Markup Language) }",
    	year =         "2014",    	
    	url =          "https://searchmicroservices.techtarget.com/definition/XML-Extensible-Markup-Language",
    	note =         "[Online; navštívené 30.12.2018]",
    }
    @MISC{XMLvsJSONusage,
    	author =       "Jon Kågström",
    	title =        "{\it JSON REST API }",
    	year =         "2016",    	
    	url =          "http://blog.uclassify.com/json-rest-api/",
    	note =         "[Online; navštívené 30.12.2018]",
    }    
    
    @MISC{JSONdef,
    	title =        "{\it JSON}",
    	url =          "https://www.json.org/",
    	note =         "[Online; navštívené 30.12.2018]",
    }    

    @mastersthesis {BPgen,
    	author = {Ondřej Znojil},
    	title = {\it Detektory strukturovaných dat pro účely testování software},
    	year = {2018},
		school = {Vysoké učenie technické v Brne, Fakulta informačných technológií},  
		type = "Bakalárska práca",  	
    	URL = { https://www.vutbr.cz/www_base/zav_prace_soubor_verejne.php?file_id=180688}
    }
    
    @ARTICLE{Standard,
    	author={},
    	journal={IEEE Std 829-2008},
    	title={\it IEEE Standard for Software and System Test Documentation},
    	year={2008},
    	volume={},
    	number={},
    	pages={1-150},
    	doi={10.1109/IEEESTD.2008.4578383},
    	ISSN={},
    	month={July}
    	}
    